<?xml version="1.0" encoding="UTF-8"?><record xmlns="http://www.loc.gov/MARC21/slim" xmlns:cinclude="http://apache.org/cocoon/include/1.0" xmlns:zs="http://www.loc.gov/zing/srw/">
  <leader>00487cz  a2200157n  4500</leader>
  <controlfield tag="001">n  94075168 </controlfield>
  <controlfield tag="003">DLC</controlfield>
  <controlfield tag="005">20100219074956.0</controlfield>
  <controlfield tag="008">940806n| acannaabn          |a aaa      </controlfield>
  <datafield tag="010" ind1=" " ind2=" ">
    <subfield code="a">n  94075168 </subfield>
  </datafield>
  <datafield tag="035" ind1=" " ind2=" ">
    <subfield code="a">(OCoLC)oca03658165</subfield>
  </datafield>
  <datafield tag="040" ind1=" " ind2=" ">
    <subfield code="a">DLC</subfield>
    <subfield code="b">eng</subfield>
    <subfield code="c">DLC</subfield>
    <subfield code="d">MoKU</subfield>
  </datafield>
  <datafield tag="100" ind1="1" ind2=" ">
    <subfield code="a">Parks, C. Carson,</subfield>
    <subfield code="d">1936-</subfield>
  </datafield>
  <datafield tag="400" ind1="1" ind2=" ">
    <subfield code="a">Parks, Carson,</subfield>
    <subfield code="d">1936-</subfield>
  </datafield>
  <datafield tag="670" ind1=" " ind2=" ">
    <subfield code="a">San Antonio rose, 1967?:</subfield>
    <subfield code="b">container (C. Carson Parks, b. 1936)</subfield>
  </datafield>
  <datafield tag="670" ind1=" " ind2=" ">
    <subfield code="a">His Cab driver, c1963:</subfield>
    <subfield code="b">cover (words and music by Carson Parks)</subfield>
  </datafield>
</record>